@BOOK{Usingp,
    AUTHOR = "Jonathan Duff, Moritz Lenz Carl Masak Patrick Michaud Jonathan Worthington"
    TITLE = "Using Perl6",
    PUBLISHER = {Creative Commons}
    YEAR = July 2009
     }

@BOOK{Modernp,
      AUTHOR = "Chromatic",
      TITLE = "Modern Perl",
      PUBLISHER = {Onyx Neon Press}
      YEAR = 2010
     }

@BOOK{Essentialp,
      AUTHOR = "Nick Parlante",
      TITLE = "Essential Perl",
      PUBLISHER = {Stanford Press}
      YEAR = 2000
     }

@misc{wikipedia,
      AUTHOR = "Stuart Feldman",
      TITLE = "Make(software)",
      MONTH = 8 March, 
      YEAR = 2012,
      url = http://en.wikipedia.org/wiki/Make_(software) 
     } 

@misc{WMackey,
     AUTHOR = "Wesley Mackey",
     TITLE = "Mackey's Examples",
     MONTH = 13 January,
     YEAR = 2012,
     }
     
